<?xml version="1.0" encoding="UTF-8"?><collection xmlns="http://www.loc.gov/MARC21/slim"><record><leader>00311nam--2200121-i-4500</leader><controlfield tag="001">000003138</controlfield><controlfield tag="002">20161230</controlfield><controlfield tag="005">20161230201025</controlfield><controlfield tag="008">060222s1000------------r-----000-0-eng-d</controlfield><datafield ind1=" " ind2=" " tag="100"><subfield code="a">Charles,V</subfield></datafield><datafield ind1=" " ind2=" " tag="245"><subfield code="a">Proprietes,defauts et maladies des metaux</subfield></datafield><datafield ind1=" " ind2=" " tag="260"><subfield code="a">Paris,Gauthier-villars,1957. Vii + 226p</subfield></datafield><datafield ind1=" " ind2=" " tag="852"><subfield code="a">12717</subfield></datafield></record></collection>